@Preamble{ " \newcommand{\noop}[1]{} " }

@article {elduqueSuperinv,
    AUTHOR = {Elduque, A. and Villa, O.},
     TITLE = {The existence of superinvolutions},
   JOURNAL = {J. Algebra},
  FJOURNAL = {Journal of Algebra},
    VOLUME = {319},
      YEAR = {2008},
    NUMBER = {10},
     PAGES = {4338--4359},
      ISSN = {0021-8693},
   MRCLASS = {16W10 (17A70)},
  MRNUMBER = {2407903},
MRREVIEWER = {Maneesh L. Thakur},
       DOI = {10.1016/j.jalgebra.2007.10.044},
       URL = {https://doi.org/10.1016/j.jalgebra.2007.10.044},
}

@article {racine,
    AUTHOR = {Racine, M. L.},
     TITLE = {Primitive superalgebras with superinvolution},
   JOURNAL = {J. Algebra},
  FJOURNAL = {Journal of Algebra},
    VOLUME = {206},
      YEAR = {1998},
    NUMBER = {2},
     PAGES = {588--614},
      ISSN = {0021-8693},
   MRCLASS = {16W55 (17A70)},
  MRNUMBER = {1637088},
MRREVIEWER = {Alberto Elduque},
       DOI = {10.1006/jabr.1997.7412},
       URL = {https://doi.org/10.1006/jabr.1997.7412},
}

@ARTICLE{artigokac,
    AUTHOR = {Kac, V. G.},
     TITLE = {Lie superalgebras},
   JOURNAL = {Advances in Math.},
  FJOURNAL = {Advances in Mathematics},
    VOLUME = {26},
      YEAR = {1977},
    NUMBER = {1},
     PAGES = {8--96},
      ISSN = {0001-8708},
   MRCLASS = {17B10 (17B65)},
  MRNUMBER = {0486011},
MRREVIEWER = {H. de Vries},
       DOI = {10.1016/0001-8708(77)90017-2},
       URL = {http://dx.doi.org/10.1016/0001-8708(77)90017-2},
}

@ARTICLE{artigoelduque,
    AUTHOR = {Draper, Cristina and Elduque, Alberto and Mart{\'{\i}}n
              Gonz{\'a}lez, C{\'a}ndido},
     TITLE = {Fine gradings on exceptional simple {L}ie superalgebras},
   JOURNAL = {Internat. J. Math.},
  FJOURNAL = {International Journal of Mathematics},
    VOLUME = {22},
      YEAR = {2011},
    NUMBER = {12},
     PAGES = {1823--1855},
      ISSN = {0129-167X},
   MRCLASS = {17B25 (17B70)},
  MRNUMBER = {2872534},
MRREVIEWER = {Maxime Bagnoud},
       DOI = {10.1142/S0129167X11007392},
       URL = {http://dx.doi.org/10.1142/S0129167X11007392},
       }

@ARTICLE{kacZ,
    AUTHOR = {Kac, V. G.},
     TITLE = {Classification of simple {$Z$}-graded {L}ie superalgebras and
              simple {J}ordan superalgebras},
   JOURNAL = {Comm. Algebra},
  FJOURNAL = {Communications in Algebra},
    VOLUME = {5},
      YEAR = {1977},
    NUMBER = {13},
     PAGES = {1375--1400},
      ISSN = {0092-7872},
   MRCLASS = {17B60 (17B10 22E60)},
  MRNUMBER = {0498755},
MRREVIEWER = {I. L. Kantor},
       DOI = {10.1080/00927877708822224},
       URL = {http://dx.doi.org/10.1080/00927877708822224},
}

@BOOK{livrosuperalgebra,
    AUTHOR = "M. Scheunert",
    TITLE = "The Theory of {L}ie Superalgebras {A}n Introduction",
    PUBLISHER = "Lecture Notes in Mathematics",
    VOLUME = "716",
    ADDRESS = "Commack, New York",
    YEAR = {1979}
    }

@BOOK{livromicha,
    AUTHOR = "A.~Elduque and M.~Kochetov",
     TITLE = {Gradings on simple {L}ie algebras},
    SERIES = {Mathematical Surveys and Monographs},
    VOLUME = {189},
 PUBLISHER = {American Mathematical Society, Providence, RI; Atlantic
              Association for Research in the Mathematical Sciences (AARMS),
              Halifax, NS},
      YEAR = {2013},
     PAGES = {xiv+336},
      ISBN = {978-0-8218-9846-8},
   MRCLASS = {17B20 (17A75 17B60 17B70 17C50)},
  MRNUMBER = {3087174},
MRREVIEWER = {Cristina Draper},
       DOI = {10.1090/surv/189},
       URL = {http://dx.doi.org/10.1090/surv/189},
       }


@ARTICLE{serganova,
    AUTHOR = {Serganova, V. V.},
     TITLE = {Automorphisms of simple {L}ie superalgebras},
   JOURNAL = {Izv. Akad. Nauk SSSR Ser. Mat.},
  FJOURNAL = {Izvestiya Akademii Nauk SSSR. Seriya Matematicheskaya},
    VOLUME = {48},
      YEAR = {1984},
    NUMBER = {3},
     PAGES = {585--598},
      ISSN = {0373-2436},
   MRCLASS = {17B67 (17B40 17B70)},
  MRNUMBER = {747252 (85k:17019)},
MRREVIEWER = {James E. Humphreys},
}

@ARTICLE{BK10,
    AUTHOR = {Bahturin, Yuri and Kochetov, Mikhail},
     TITLE = {Classification of group gradings on simple {L}ie algebras of
              types {$A,B,C$} and {$D$}},
   JOURNAL = {J. Algebra},
  FJOURNAL = {Journal of Algebra},
    VOLUME = {324},
      YEAR = {2010},
    NUMBER = {11},
     PAGES = {2971--2989},
      ISSN = {0021-8693},
     CODEN = {JALGA4},
   MRCLASS = {17B70 (17B20)},
  MRNUMBER = {2732982 (2012b:17058)},
MRREVIEWER = {Cristina Draper},
       DOI = {10.1016/j.jalgebra.2010.03.003},
       URL = {http://dx.doi.org/10.1016/j.jalgebra.2010.03.003},
}

@ARTICLE{BSZ05,
    AUTHOR = {Bahturin, Y. A. and Shestakov, I. P. and Zaicev, M. V.},
     TITLE = {Gradings on simple {J}ordan and {L}ie algebras},
   JOURNAL = {J. Algebra},
  FJOURNAL = {Journal of Algebra},
    VOLUME = {283},
      YEAR = {2005},
    NUMBER = {2},
     PAGES = {849--868},
      ISSN = {0021-8693},
     CODEN = {JALGA4},
   MRCLASS = {17B70 (16W50 17C50 17C70)},
  MRNUMBER = {2111225 (2005i:17038)},
MRREVIEWER = {Plamen Koshlukov},
       DOI = {10.1016/j.jalgebra.2004.10.007},
       URL = {http://dx.doi.org/10.1016/j.jalgebra.2004.10.007},
}

@ARTICLE{BZ06,
    AUTHOR = {Bahturin, Yuri and Zaicev, Mikhail},
     TITLE = {Group gradings on simple {L}ie algebras of type ``{$A$}''},
   JOURNAL = {J. Lie Theory},
  FJOURNAL = {Journal of Lie Theory},
    VOLUME = {16},
      YEAR = {2006},
    NUMBER = {4},
     PAGES = {719--742},
      ISSN = {0949-5932},
   MRCLASS = {17B70 (16W10 16W50 17B20 17B40)},
  MRNUMBER = {2270657 (2007i:17037)},
MRREVIEWER = {Vesselin Drensky},
}

@article {YuExc,
    AUTHOR = {Yu, Jun},
     TITLE = {Maximal abelian subgroups of compact simple {L}ie groups of
              type {E}},
   JOURNAL = {Geom. Dedicata},
  FJOURNAL = {Geometriae Dedicata},
    VOLUME = {185},
      YEAR = {2016},
     PAGES = {205--269},
      ISSN = {0046-5755},
   MRCLASS = {20G20 (20G41)},
  MRNUMBER = {3570309},
       DOI = {10.1007/s10711-016-0175-z},
       URL = {http://dx.doi.org/10.1007/s10711-016-0175-z},
}

@incollection {E14,
    AUTHOR = {Elduque, Alberto},
     TITLE = {Gradings on algebras over algebraically closed fields},
 BOOKTITLE = {Non-associative and non-commutative algebra and operator
              theory},
    SERIES = {Springer Proc. Math. Stat.},
    VOLUME = {160},
     PAGES = {113--121},
 PUBLISHER = {Springer, Cham},
      YEAR = {2016},
   MRCLASS = {17A60 (14L15 17A36)},
  MRNUMBER = {3613822},
}

@ARTICLE{Eld10,
    AUTHOR = {Elduque, Alberto},
     TITLE = {Fine gradings on simple classical {L}ie algebras},
   JOURNAL = {J. Algebra},
  FJOURNAL = {Journal of Algebra},
    VOLUME = {324},
      YEAR = {2010},
    NUMBER = {12},
     PAGES = {3532--3571},
      ISSN = {0021-8693},
     CODEN = {JALGA4},
   MRCLASS = {17B70 (17B20)},
  MRNUMBER = {2735398 (2011j:17049)},
MRREVIEWER = {Rupert Wei Tze Yu},
       DOI = {10.1016/j.jalgebra.2010.09.018},
       URL = {http://dx.doi.org/10.1016/j.jalgebra.2010.09.018},
}

@ARTICLE{EK15,
    AUTHOR = {Elduque, Alberto and Kochetov, Mikhail},
     TITLE = {Graded modules over classical simple {L}ie algebras with a grading},
   JOURNAL = {Israel J. Math.},
  FJOURNAL = {Israel Journal of Mathematics},
    VOLUME = {207},
      YEAR = {2015},
    NUMBER = {1},
     PAGES = {229--280},
      ISSN = {0021-2172},
   MRCLASS = {17B20 (16K50 17B70)},
  MRNUMBER = {3358046},
       DOI = {10.1007/s11856-015-1174-8},
       URL = {http://dx.doi.org/10.1007/s11856-015-1174-8},
}

@preamble{ "\def\cprime{$'$}" }
@ARTICLE{ZZ10,
    AUTHOR = {Zolotykh, A. A. and Zolotykh, P. A.},
     TITLE = {Finite gradings of special linear {L}ie algebras},
   JOURNAL = {Fundam. Prikl. Mat.},
  FJOURNAL = {Fundamental\cprime naya i Prikladnaya Matematika},
    VOLUME = {16},
      YEAR = {2010},
    NUMBER = {8},
     PAGES = {163--187},
      ISSN = {1560-5159},
   MRCLASS = {17B70},
  MRNUMBER = {2869837 (2012k:17038)},
MRREVIEWER = {Zi-Xin Hou},
       DOI = {10.1007/s10958-012-0914-0},
       URL = {http://dx.doi.org/10.1007/s10958-012-0914-0},
}

@ARTICLE{BB,
    AUTHOR = {Bahturin, Yuri and Bre{\v{s}}ar, Matej},
     TITLE = {Lie gradings on associative algebras},
   JOURNAL = {J. Algebra},
  FJOURNAL = {Journal of Algebra},
    VOLUME = {321},
      YEAR = {2009},
    NUMBER = {1},
     PAGES = {264--283},
      ISSN = {0021-8693},
     CODEN = {JALGA4},
   MRCLASS = {16W50 (16N60)},
  MRNUMBER = {2469360 (2009k:16081)},
MRREVIEWER = {Tsiu Kwen Lee},
       DOI = {10.1016/j.jalgebra.2008.08.032},
       URL = {http://dx.doi.org/10.1016/j.jalgebra.2008.08.032},
}


@article{BBK,
    AUTHOR = {Bahturin, Yuri and Bre{\v{s}}ar, Matej and Kochetov, Mikhail},
     TITLE = {Group gradings on finitary simple {L}ie algebras},
   JOURNAL = {Internat. J. Algebra Comput.},
  FJOURNAL = {International Journal of Algebra and Computation},
    VOLUME = {22},
      YEAR = {2012},
    NUMBER = {5},
     PAGES = {1250046, 46},
      ISSN = {0218-1967},
   MRCLASS = {17B70},
  MRNUMBER = {2949212},
MRREVIEWER = {Sorin D{\u{a}}sc{\u{a}}lescu},
       DOI = {10.1142/S0218196712500464},
       URL = {http://dx.doi.org/10.1142/S0218196712500464},
}

@ARTICLE{BSBF,
    AUTHOR = {Bahturin, Yuri and Shestakov, Ivan},
     TITLE = {Gradings of simple {J}ordan algebras and their relation to the
              gradings of simple associative algebras},
      NOTE = {Special issue dedicated to Alexei Ivanovich Kostrikin},
   JOURNAL = {Comm. Algebra},
  FJOURNAL = {Communications in Algebra},
    VOLUME = {29},
      YEAR = {2001},
    NUMBER = {9},
     PAGES = {4095--4102},
      ISSN = {0092-7872},
     CODEN = {COALDM},
   MRCLASS = {17C10 (16W50)},
  MRNUMBER = {1857029 (2002h:17033)},
MRREVIEWER = {R. Iord{\u{a}}nescu},
       DOI = {10.1081/AGB-100105990},
       URL = {http://dx.doi.org/10.1081/AGB-100105990},
}

@article {BBS,
    AUTHOR = {Bahturin, Yuri and Bre{\v{s}}ar, Matej and Shestakov, Ivan},
     TITLE = {Jordan gradings on associative algebras},
   JOURNAL = {Algebr. Represent. Theory},
  FJOURNAL = {Algebras and Representation Theory},
    VOLUME = {14},
      YEAR = {2011},
    NUMBER = {1},
     PAGES = {113--129},
      ISSN = {1386-923X},
     CODEN = {ARTHF4},
   MRCLASS = {16W50 (16W10)},
  MRNUMBER = {2763296 (2011m:16087)},
MRREVIEWER = {M. Stef{\u{a}}nescu},
       DOI = {10.1007/s10468-009-9180-3},
       URL = {http://dx.doi.org/10.1007/s10468-009-9180-3},
}

@article{CDM,
    AUTHOR = {Calder{\'o}n ~Mart{\'{\i}}n, Antonio Jes{\'u}s and Draper
              ~Fontanals, Cristina and Mart{\'{\i}}n ~Gonz{\'a}lez,
              C{\'a}ndido},
     TITLE = {Gradings on the {K}ac superalgebra},
   JOURNAL = {J. Algebra},
  FJOURNAL = {Journal of Algebra},
    VOLUME = {324},
      YEAR = {2010},
    NUMBER = {12},
     PAGES = {3249--3261},
      ISSN = {0021-8693},
     CODEN = {JALGA4},
   MRCLASS = {17C70 (17C40)},
  MRNUMBER = {2735382 (2011k:17052)},
MRREVIEWER = {Luiz Antonio Peresi},
       DOI = {10.1016/j.jalgebra.2010.09.027},
       URL = {http://dx.doi.org/10.1016/j.jalgebra.2010.09.027},
}

@ARTICLE{Gor,
    AUTHOR = {Gordienko, A. S.},
     TITLE = {The structure of {$H$}-(co)module {L}ie algebras},
   JOURNAL = {J. Lie Theory},
  FJOURNAL = {Journal of Lie Theory},
    VOLUME = {23},
      YEAR = {2013},
    NUMBER = {3},
     PAGES = {669--689},
      ISSN = {0949-5932},
   MRCLASS = {17B05 (14L17 16T05 17B40 17B70)},
  MRNUMBER = {3115171},
MRREVIEWER = {Sorin D{\u{a}}sc{\u{a}}lescu},
}

@ARTICLE{CM,
    AUTHOR = {Mart{\'{\i}}nez, Consuelo},
     TITLE = {Simplicity of {J}ordan superalgebras and relations with {L}ie
              structures},
 BOOKTITLE = {Proceedings of the {A}ll {I}reland {A}lgebra {D}ays, 2001
              ({B}elfast)},
   JOURNAL = {Irish Math. Soc. Bull.},
  FJOURNAL = {Irish Mathematical Society Bulletin},
    NUMBER = {50},
      YEAR = {2003},
     PAGES = {97--116},
      ISSN = {0791-5578},
   MRCLASS = {17C70 (16W55 17B99)},
  MRNUMBER = {2023254 (2004m:17049)},
MRREVIEWER = {Sa{\"{\i}}d Benayadi},
}

@article{EK_d4,
    AUTHOR = {Elduque, Alberto and Kochetov, Mikhail},
     TITLE = {Gradings on the {L}ie algebra {$D\sb 4$} revisited},
   JOURNAL = {J. Algebra},
  FJOURNAL = {Journal of Algebra},
    VOLUME = {441},
      YEAR = {2015},
     PAGES = {441--474},
      ISSN = {0021-8693},
   MRCLASS = {17B70 (17A75 17B25 17C40)},
  MRNUMBER = {3391935},
       DOI = {10.1016/j.jalgebra.2015.07.004},
       URL = {http://dx.doi.org/10.1016/j.jalgebra.2015.07.004},
}

@incollection {BS,
    AUTHOR = {Bahturin, Y. A. and Shestakov, I. P.},
     TITLE = {Group gradings on associative superalgebras},
 BOOKTITLE = {Groups, rings and algebras},
    SERIES = {Contemp. Math.},
    VOLUME = {420},
     PAGES = {1--13},
 PUBLISHER = {Amer. Math. Soc., Providence, RI},
      YEAR = {2006},
   MRCLASS = {16W55 (16W50)},
  MRNUMBER = {2279228 (2008f:16090)},
MRREVIEWER = {Antonio Giambruno},
       DOI = {10.1090/conm/420/07964},
       URL = {http://dx.doi.org/10.1090/conm/420/07964},
}

@incollection {MR2011764,
    AUTHOR = {Buchweitz, Ragnar-Olaf},
     TITLE = {Morita contexts, idempotents, and {H}ochschild
              cohomology---with applications to invariant rings},
 BOOKTITLE = {Commutative algebra ({G}renoble/{L}yon, 2001)},
    SERIES = {Contemp. Math.},
    VOLUME = {331},
     PAGES = {25--53},
 PUBLISHER = {Amer. Math. Soc., Providence, RI},
      YEAR = {2003},
   MRCLASS = {16E40 (13D03 16D90)},
  MRNUMBER = {2011764 (2005a:16011)},
MRREVIEWER = {Kenneth A. Brown},
       DOI = {10.1090/conm/331/05901},
       URL = {http://dx.doi.org/10.1090/conm/331/05901},
}

@article {paper-Qn,
    AUTHOR = {Bahturin, Yuri and Samara Dos Santos, Helen and De Naday
              Hornhardt, Caio and Kochetov, Mikhail},
     TITLE = {Group gradings on the {L}ie and {J}ordan superalgebras
              {$Q(n)$}},
   JOURNAL = {Comm. Algebra},
  FJOURNAL = {Communications in Algebra},
    VOLUME = {45},
      YEAR = {2017},
    NUMBER = {5},
     PAGES = {1914--1925},
      ISSN = {0092-7872},
   MRCLASS = {17B70 (16W50 17B20 17C20 17C70)},
  MRNUMBER = {3582835},
MRREVIEWER = {Cristina Draper},
       DOI = {10.1080/00927872.2016.1226865},
       URL = {http://dx.doi.org/10.1080/00927872.2016.1226865},
}


@article{BSZ01,
title = "Group Gradings on Associative Algebras",
journal = "Journal of Algebra",
volume = "241",
number = "2",
pages = "677 - 698",
year = "2001",
issn = "0021-8693",
doi = "https://doi.org/10.1006/jabr.2000.8643",
author = "Yu.A Bahturin and S.K Sehgal and M.V Zaicev",
comment_URL = {https://doi.org/10.1006/jabr.2000.8643},
}


@ARTICLE{BZ02, 
    AUTHOR = {Bahturin, Y.A. and Zaicev, M.V.},
     TITLE = {Group gradings on matrix algebras.},
    JOURNAL = {Canadian Mathematical Bulletin},
    VOLUME = {45},
      YEAR = {2002},
    NUMBER = {4},
     PAGES = {499--508},
}


@article {PZ,
    AUTHOR = {Patera, J. and Zassenhaus, H.},
     TITLE = {On {L}ie gradings. {I}},
   JOURNAL = {Linear Algebra Appl.},
  FJOURNAL = {Linear Algebra and its Applications},
    VOLUME = {112},
      YEAR = {1989},
     PAGES = {87--159},
      ISSN = {0024-3795},
   MRCLASS = {17B70 (17B40)},
  MRNUMBER = {976333},
MRREVIEWER = {Vesselin Drensky},
       comment_URL = {https://doi.org/10.1016/0024-3795(89)90591-0},
}

@unpublished{GS,
   author = {{Ginosar}, Y. and {Schnabel}, O.},
    title = "{Groups of central type, maximal Connected Gradings and Intrinsic Fundamental Groups of Complex Semisimple Algebras}",
    Year = {\noop{3002}},
    note = {to appear in Transactions of the American Mathematical Society},
    DOI = {10.1090/tran/7457},
    URL = {http://dx.doi.org/10.1090/tran/7457},
}

@book {MR1653294,
    AUTHOR = {Lam, T. Y.},
     TITLE = {Lectures on modules and rings},
    SERIES = {Graduate Texts in Mathematics},
    VOLUME = {189},
 PUBLISHER = {Springer-Verlag, New York},
      YEAR = {1999},
     PAGES = {xxiv+557},
      ISBN = {0-387-98428-3},
   MRCLASS = {16-01},
  MRNUMBER = {1653294},
MRREVIEWER = {Jonathan Golan},
}
